
@Misc{EU:wikipedia,
  title = {European Union entry on Wikipedia},
  note = {English Edition},
  month = {July},
  year = {2009},
  howpublished = "\url{http://en.wikipedia.org/wiki/EU}"
}

@Misc{EU:maastricht:wikipedia,
  title = {Treatry of Maastricht entry on Wikipedia},
  note = {English Edition},
  month = {July},
  year = {2009},
  howpublished = "\url{http://en.wikipedia.org/wiki/Treaty_of_Maastricht}"
}

@Misc{EU:ecrome:wikipedia,
  title = {European Community Treatry of Rome entry on Wikipedia},
  note = {English Edition},
  month = {July},
  year = {2009},
  howpublished = "\url{http://en.wikipedia.org/wiki/EC_Treaty}"
}



@Misc{EU:paris1951:wikipedia,
  title = {Treatry of Paris 1951 entry on Wikipedia},
  note = {English Edition},
  month = {July},
  year = {2009},
  howpublished = "\url{http://en.wikipedia.org/wiki/Treaty_of_Paris_(1951)}"
}



@Misc{EU:singleact:wikipedia,
  title = {Single European Act entry on Wikipedia},
  note = {English Edition},
  month = {July},
  year = {2009},
  howpublished = "\url{http://en.wikipedia.org/wiki/Single_European_Act}"
}

@Misc{EU:lisbon:wikipedia,
  title = {Treaty of Lisbon entry on Wikipedia},
  note = {English Edition},
  month = {July},
  year = {2009},
  howpublished = "\url{http://en.wikipedia.org/wiki/Treaty_of_Lisbon}"
}

@Misc{EU:pillars:wikipedia,
  title = {Three pillars of the EU entry on Wikipedia},
  note = {English Edition},
  month = {July},
  year = {2009},
  howpublished = "\url{http://en.wikipedia.org/wiki/Three_pillars_of_the_European_Union}"
}

@Misc{EU:community:wikipedia,
  title = {European Community entry on Wikipedia},
  note = {English Edition},
  month = {July},
  year = {2009},
  howpublished = "\url{http://en.wikipedia.org/wiki/European_Community}"
}

@Misc{EU:law:wikipedia,
  title = {Law of the EU entry on Wikipedia},
  note = {English Edition},
  month = {July},
  year = {2009},
  howpublished = "\url{http://en.wikipedia.org/wiki/Law_of_the_European_Union}"
}

@Misc{EU:economics:wikipedia,
  title = {Economics of the EU entry on Wikipedia},
  note = {English Edition},
  month = {July},
  year = {2009},
  howpublished = "\url{http://en.wikipedia.org/wiki/Economy_of_the_European_Union}"
}

@Misc{EU:freedoms:wikipedia,
  title = {Four freedoms in the EU entry on Wikipedia},
  note = {English Edition},
  month = {July},
  year = {2009},
  howpublished = "\url{http://en.wikipedia.org/wiki/Four_Freedoms_(European_Union)}"
}

@Misc{EU:culture:wikipedia,
  title = {Culture of Europe entry on Wikipedia},
  note = {English Edition},
  month = {July},
  year = {2009},
  howpublished = "\url{http://en.wikipedia.org/wiki/Culture_of_Europe}"
}

@Misc{EU:cultpolicies:wikipedia,
  title = {Cultural policies of the EU entry on Wikipedia},
  note = {English Edition},
  month = {July},
  year = {2009},
  howpublished = "\url{http://en.wikipedia.org/wiki/Cultural_policies_of_the_European_Union}"
}


%%%%%%%%%%%%% 

@Misc{EU:bolkestein:wikipedia,
  title = {Bolkestein directive entry on Wikipedia},
  note = {English Edition},
  month = {July},
  year = {2009},
  howpublished = "\url{http://en.wikipedia.org/wiki/Directive_on_services_in_the_internal_market}"
}



@Misc{EU:socialdumping:eurofund,
  title = {Social dumping on Eurofund},
  note = {English Edition},
  month = {July},
  year = {2009},
  howpublished = "\url{http://en.wikipedia.org/wiki/Directive_on_services_in_the_i}"
}


@Misc{EU:fundamentalrights:eurofund,
  title = {Charter of Fundamental Rights of the European Union on Eurofund},
  note = {English Edition},
  month = {July},
  year = {2009},
  howpublished = "\url{http://www.eurofound.europa.eu/areas/industrialrelations/dictionary/definitions/charteroffundamentalrightsoftheeuropeanunion.htm}"
}


@Misc{EU:interculturalcompetence:wikipedia,
  title = {Intercultural competence entry on Wikipedia},
  note = {English Edition},
  month = {July},
  year = {2009},
  howpublished = "\url{http://en.wikipedia.org/wiki/Intercultural_competence}"
}


@Misc{EU:schengen:wikipedia,
  title = {Schengen Agreement entry on Wikipedia},
  note = {English Edition},
  month = {July},
  year = {2009},
  howpublished = "\url{http://en.wikipedia.org/wiki/Schengen_Agreement}"
}


@Misc{EU:flexicurity:wikipedia,
  title = {Flexicurity entry on Wikipedia},
  note = {English Edition},
  month = {July},
  year = {2009},
  howpublished = "\url{http://en.wikipedia.org/wiki/Flexicurity}"
}

@Misc{EU:joblock:wikipedia,
  title = {Job lock entry on Wikipedia},
  note = {English Edition},
  month = {July},
  year = {2009},
  howpublished = "\url{http://en.wikipedia.org/wiki/Job_lock}"
}


@Misc{EU:freemovement:eucommission,
  title = {Free movement within the EU - a fundamental right on
                  EuropeanÂ Commission's website},
  note = {English Edition},
  month = {July},
  year = {2009},
  howpublished = "\url{http://ec.europa.eu/justice_home/fsj/freetravel/fsj_freetravel_intro_en.htm}"
}

@article{acemoglu2000productivity,
  title={{Productivity gains from unemployment insurance}},
  author={Acemoglu, D. and Shimer, R.},
  journal={European Economic Review},
  volume={44},
  number={7},
  pages={1195--1224},
  year={2000},
  publisher={Elsevier}
}


@Misc{EU:erasmus,
  title = {Erasmus programme web page},
  note = {English Edition},
  key = "Erasmus",
  month = {July},
  year = {2009},
  howpublished = "\url{http://ec.europa.eu/education/lifelong-learning-programme/doc80_en.htm}"
}

@Misc{EU:taw:eurofond,
  title = {Temporary agency work notes on the Eurofond web page},
  note = {English Edition},
  month = {July},
  year = {2009},
  howpublished = "\url{http://www.eurofound.europa.eu/ewco/employment/status/tempagency.htm}"
}
